<?xml version="1.0" encoding="UTF-8"?><record xmlns="http://www.loc.gov/MARC21/slim" xmlns:cinclude="http://apache.org/cocoon/include/1.0" xmlns:zs="http://www.loc.gov/zing/srw/">
  <leader>00403nz  a2200121n  4500</leader>
  <controlfield tag="001">n  95031847 </controlfield>
  <controlfield tag="003">DLC</controlfield>
  <controlfield tag="005">19950331135758.4</controlfield>
  <controlfield tag="008">950331n| acannaab|          |n aaa |||  </controlfield>
  <datafield tag="010" ind1=" " ind2=" ">
    <subfield code="a">n  95031847 </subfield>
  </datafield>
  <datafield tag="040" ind1=" " ind2=" ">
    <subfield code="a">DLC</subfield>
    <subfield code="c">DLC</subfield>
  </datafield>
  <datafield tag="100" ind1="1" ind2="0">
    <subfield code="a">Lueg, Stefan,</subfield>
    <subfield code="d">1963-</subfield>
  </datafield>
  <datafield tag="670" ind1=" " ind2=" ">
    <subfield code="a">Die Entstehung und Entwicklung des juristischen Privatunterrichts in den Repetitorien, c1994:</subfield>
    <subfield code="b">t.p. (Stefan Lueg) p. 4 of cover (b. 1963 in Essen)</subfield>
  </datafield>
</record>